@article{shen2020timeseries,
  title   = {Timeseries anomaly detection using temporal hierarchical one-class network},
  author  = {Shen, Lifeng and Li, Zhuocong and Kwok, James},
  journal = {Advances in neural information processing systems},
  volume  = {33},
  pages   = {13016--13026},
  year    = {2020}
}

@inproceedings{hundman2018detecting,
  title     = {Detecting spacecraft anomalies using lstms and nonparametric dynamic thresholding},
  author    = {Hundman, Kyle and Constantinou, Valentino and Laporte, Christopher and Colwell, Ian and Soderstrom, Tom},
  booktitle = {Proceedings of the 24th ACM SIGKDD international conference on knowledge discovery \& data mining},
  pages     = {387--395},
  year      = {2018}
}

@inproceedings{ren2019time,
  title     = {Time-series anomaly detection service at microsoft},
  author    = {Ren, Hansheng and Xu, Bixiong and Wang, Yujing and Yi, Chao and Huang, Congrui and Kou, Xiaoyu and Xing, Tony and Yang, Mao and Tong, Jie and Zhang, Qi},
  booktitle = {Proceedings of the 25th ACM SIGKDD international conference on knowledge discovery \& data mining},
  pages     = {3009--3017},
  year      = {2019}
}

@article{ahmad2017unsupervised,
  title     = {Unsupervised real-time anomaly detection for streaming data},
  author    = {Ahmad, Subutai and Lavin, Alexander and Purdy, Scott and Agha, Zuha},
  journal   = {Neurocomputing},
  volume    = {262},
  pages     = {134--147},
  year      = {2017},
  publisher = {Elsevier}
}

@misc{kingma2013auto,
  title     = {Auto-encoding variational bayes},
  author    = {Kingma, Diederik P and Welling, Max and others},
  year      = {2013},
  publisher = {Banff, Canada}
}

@inproceedings{zong2018deep,
  title     = {Deep autoencoding gaussian mixture model for unsupervised anomaly detection},
  author    = {Zong, Bo and Song, Qi and Min, Martin Renqiang and Cheng, Wei and Lumezanu, Cristian and Cho, Daeki and Chen, Haifeng},
  booktitle = {International conference on learning representations},
  year      = {2018}
}

@article{wang2019quality,
  title     = {Quality control of online monitoring data of air pollutants using artificial neural networks},
  author    = {Wang, Ziyu and Feng, Jingjing and Fu, Qingyan and Gao, Song and Chen, Xiaojia and Cheng, Jinping},
  journal   = {Air Quality, Atmosphere \& Health},
  volume    = {12},
  pages     = {1189--1196},
  year      = {2019},
  publisher = {Springer}
}

@inproceedings{zhang2022tfad,
  title     = {Tfad: A decomposition time series anomaly detection architecture with time-frequency analysis},
  author    = {Zhang, Chaoli and Zhou, Tian and Wen, Qingsong and Sun, Liang},
  booktitle = {Proceedings of the 31st ACM international conference on information \& knowledge management},
  pages     = {2497--2507},
  year      = {2022}
}

@article{xu2021anomaly,
  title   = {Anomaly transformer: Time series anomaly detection with association discrepancy},
  author  = {Xu, Jiehui and Wu, Haixu and Wang, Jianmin and Long, Mingsheng},
  journal = {arXiv preprint arXiv:2110.02642},
  year    = {2021}
}

@inproceedings{nam2024breaking,
  title     = {Breaking the time-frequency granularity discrepancy in time-series anomaly detection},
  author    = {Nam, Youngeun and Yoon, Susik and Shin, Yooju and Bae, Minyoung and Song, Hwanjun and Lee, Jae-Gil and Lee, Byung Suk},
  booktitle = {Proceedings of the ACM Web Conference 2024},
  pages     = {4204--4215},
  year      = {2024}
}

@article{tuli2022tranad,
  title   = {Tranad: Deep transformer networks for anomaly detection in multivariate time series data},
  author  = {Tuli, Shreshth and Casale, Giuliano and Jennings, Nicholas R},
  journal = {arXiv preprint arXiv:2201.07284},
  year    = {2022}
}

@article{jeong2023anomalybert,
  title   = {Anomalybert: Self-supervised transformer for time series anomaly detection using data degradation scheme},
  author  = {Jeong, Yungi and Yang, Eunseok and Ryu, Jung Hyun and Park, Imseong and Kang, Myungjoo},
  journal = {arXiv preprint arXiv:2305.04468},
  year    = {2023}
}

@article{lei2023novel,
  title     = {A novel unsupervised framework for time series data anomaly detection via spectrum decomposition},
  author    = {Lei, Tianyang and Gong, Chang and Chen, Gang and Ou, Mengxin and Yang, Kewei and Li, Jichao},
  journal   = {Knowledge-Based Systems},
  volume    = {280},
  pages     = {111002},
  year      = {2023},
  publisher = {Elsevier}
}

@article{wu2021autoformer,
  title   = {Autoformer: Decomposition transformers with auto-correlation for long-term series forecasting},
  author  = {Wu, Haixu and Xu, Jiehui and Wang, Jianmin and Long, Mingsheng},
  journal = {Advances in neural information processing systems},
  volume  = {34},
  pages   = {22419--22430},
  year    = {2021}
}

@inproceedings{wang2023micn,
  title     = {Micn: Multi-scale local and global context modeling for long-term series forecasting},
  author    = {Wang, Huiqiang and Peng, Jian and Huang, Feihu and Wang, Jince and Chen, Junhui and Xiao, Yifei},
  booktitle = {The eleventh international conference on learning representations},
  year      = {2023}
}

@article{luo2025tfdnet,
  title     = {Tfdnet: Time-frequency enhanced decomposed network for long-term time series forecasting},
  author    = {Luo, Yuxiao and Zhang, Songming and Lyu, Ziyu and Hu, Yuhan},
  journal   = {Pattern Recognition},
  pages     = {111412},
  year      = {2025},
  publisher = {Elsevier}
}

@article{wang2023drift,
  title   = {Drift doesn't matter: dynamic decomposition with diffusion reconstruction for unstable multivariate time series anomaly detection},
  author  = {Wang, Chengsen and Zhuang, Zirui and Qi, Qi and Wang, Jingyu and Wang, Xingyu and Sun, Haifeng and Liao, Jianxin},
  journal = {Advances in Neural Information Processing Systems},
  volume  = {36},
  pages   = {10758--10774},
  year    = {2023}
}